@book{book:Two-Dimensional-Signal-Image-Processing,
   title =     {Two-Dimensional Signal and Image Processing},
   author =    {Lim J.S.},
   publisher = {PH},
   isbn =      {0139353224,9780139353222},
   year =      {1989},
   series =    {},
   edition =   {},
   volume =    {},
   url =       {}
}

@ARTICLE {article:Skew-detection,
    author  = "Peng-Yeng Yin",
    title   = "Skew detection and block classification of printed documents",
    journal = "Image and Vision Computing",
    year    = "2001",
    volume  = "19",
    number  = "8",
    pages   = "567-579",
    month   = "may"
}

